@ARTICLE{2016AcA....66..131S,
       author = {{Soszy{\'n}ski}, I. and {Udalski}, A. and {Szyma{\'n}ski}, M.~K. and
        {Wyrzykowski}, {\L}. and {Ulaczyk}, K. and {Poleski}, R. and
        {Pietrukowicz}, P. and {Koz{\l}owski}, S. and {Skowron}, D.~M.
        and {Skowron}, J. and {Mr{\'o}z}, P. and {Pawlak}, M.},
        title = "{The OGLE Collection of Variable Stars. Over 45 000 RR Lyrae Stars in the
        Magellanic System}",
      journal = {\actaa},
     keywords = {Stars: variables: RR Lyrae, Stars: oscillations, Stars: Population II,
        Magellanic Clouds, Catalogs, Astrophysics - Solar and Stellar
        Astrophysics},
         year = 2016,
        month = Jun,
       volume = {66},
        pages = {131-147},
 primaryClass = {astro-ph.SR},
       adsurl = {https://ui.adsabs.harvard.edu/#abs/2016AcA....66..131S},
      adsnote = {Provided by the SAO/NASA Astrophysics Data System}
}